@PHDTHESIS{20.500.11850/379379,
	copyright = {In Copyright - Non-Commercial Use Permitted},
	year = {2019},
	author = {Manickathan, Lento},
	size = {357 p.},
	keywords = {vegetation; Urban microclimate; CFD; PIV; X-ray tomography},
	language = {en},
	address = {Zurich},
	publisher = {ETH Zurich},
	DOI = {10.3929/ethz-b-000379379},
	title = {Impact of vegetation on urban microclimate},
	school = {ETH Zurich}
}